<record><leader>00000cas a22000007a 4500</leader><controlfield tag="001">11270239</controlfield><controlfield tag="008">841016c19829999scuwr ne      0   a0eng d</controlfield><datafield ind1=" " ind2=" " tag="010"><subfield code="a">sn 84002377 </subfield></datafield><datafield ind1=" " ind2=" " tag="040"><subfield code="a">NSD</subfield><subfield code="b">eng</subfield><subfield code="c">NSD</subfield><subfield code="d">SVN</subfield><subfield code="d">OCLCQ</subfield></datafield><datafield ind1=" " ind2=" " tag="012"><subfield code="j">0</subfield><subfield code="m">1</subfield></datafield><datafield ind1="1" ind2=" " tag="022"><subfield code="a">8750-3425</subfield><subfield code="l">8750-3425</subfield><subfield code="2">1</subfield></datafield><datafield ind1=" " ind2=" " tag="032"><subfield code="a">733250</subfield><subfield code="b">USPS</subfield></datafield><datafield ind1=" " ind2=" " tag="037"><subfield code="b">Southeastern Publishing Co., Midway Offices, Hwy 17 NW, P.O. Box 1170, Pawleys Island, SC 29585</subfield></datafield><datafield ind1=" " ind2=" " tag="042"><subfield code="a">nsdp</subfield></datafield><datafield ind1=" " ind2="0" tag="222"><subfield code="a">Coastal observer</subfield><subfield code="b">(Pawleys Island, S.C.)</subfield></datafield><datafield ind1="0" ind2="0" tag="245"><subfield code="a">Coastal observer.</subfield></datafield><datafield ind1=" " ind2=" " tag="260"><subfield code="a">Pawleys Island, S.C. :</subfield><subfield code="b">Southeastern Pub. Co.</subfield></datafield><datafield ind1=" " ind2=" " tag="310"><subfield code="a">Weekly</subfield></datafield><datafield ind1="1" ind2=" " tag="362"><subfield code="a">Began in 1982.</subfield></datafield><datafield ind1=" " ind2=" " tag="588"><subfield code="a">Description based on: Vol. 1, no. 28 (Jan. 6, 1983).</subfield></datafield><datafield ind1=" " ind2="4" tag="651"><subfield code="a">Georgetown County (S.C.)</subfield><subfield code="v">Newspapers.</subfield></datafield><datafield ind1=" " ind2=" " tag="752"><subfield code="a">United States</subfield><subfield code="b">South Carolina</subfield><subfield code="c">Georgetown</subfield><subfield code="d">Pawleys Island.</subfield></datafield><datafield ind1=" " ind2=" " tag="936"><subfield code="a">Aug. 23, 1984</subfield></datafield><datafield ind1="1" ind2=" " tag="029"><subfield code="a">AU@</subfield><subfield code="b">000020347750</subfield></datafield></record>